
@misc{Hin16:demonetization,
  title = {{Rs. 500, Rs. 1000 notes no longer legal tender}},
  howpublished = {\url{http://www.thehindu.com/news/national/Rs.-500-Rs.-1000-notes-no-longer-legal-tender/article16440921.ece}},
  note = {{The Hindu, November 8, 2016}}
}

@book{Poor,
 author = {Poor, H. Vincent},
 title = {An Introduction to Signal Detection and Estimation (2nd Ed.)},
 year = {1994},
 isbn = {0-387-94173-8},
 publisher = {Springer-Verlag New York, Inc.},
 address = {New York, NY, USA},
} 

@book{CaseBerg:01,
  author = {Casella, George and Berger, Roger},
  isbn = {0534243126},
  month = {June},
  publisher = {{Duxbury Resource Center}},
  title = {Statistical Inference},
  year = 2001
}

